<?xml version="1.0" encoding="UTF-8"?>
<collection
  xmlns:xsi="http://www.w3.org/2001/XMLSchema-instance"
  xsi:schemaLocation="http://www.loc.gov/MARC21/slim http://www.loc.gov/standards/marcxml/schema/MARC21slim.xsd"
  xmlns="http://www.loc.gov/MARC21/slim">

<record>
  <leader>09981ckdaa2200889 a 4500</leader>
  <controlfield tag="001">3462432</controlfield>
  <controlfield tag="005">20100226103447.0</controlfield>
  <controlfield tag="008">890607i19091910xx ||| |||||||   1k|eng d</controlfield>
  <datafield tag="035" ind1=" " ind2=" ">
    <subfield code="a">(OCoLC)78741039</subfield>
  </datafield>
  <datafield tag="035" ind1=" " ind2=" ">
    <subfield code="a">(OCoLC)ocm78741039</subfield>
  </datafield>
  <datafield tag="035" ind1=" " ind2=" ">
    <subfield code="a">(CStRLIN)NYDA89-F683</subfield>
  </datafield>
  <datafield tag="035" ind1=" " ind2=" ">
    <subfield code="9">AAA2903AD</subfield>
  </datafield>
  <datafield tag="035" ind1=" " ind2=" ">
    <subfield code="a">(NNC)3462432</subfield>
  </datafield>
  <datafield tag="040" ind1=" " ind2=" ">
    <subfield code="a">NNC</subfield>
    <subfield code="c">NNC</subfield>
    <subfield code="e">gihc</subfield>
  </datafield>
  <datafield tag="043" ind1=" " ind2=" ">
    <subfield code="a">n-us-ca</subfield>
  </datafield>
  <datafield tag="110" ind1="2" ind2=" ">
    <subfield code="a">Greene &amp; Greene.</subfield>
  </datafield>
  <datafield tag="240" ind1="1" ind2="0">
    <subfield code="a">John Lambert house (Pasadena, Calif.)</subfield>
  </datafield>
  <datafield tag="245" ind1="1" ind2="0">
    <subfield code="a">Residence for John Lambert Esq. at Pasadena, California.</subfield>
    <subfield code="h">[graphic] /</subfield>
    <subfield code="c">Greene &amp; Greene, Arch'ts.</subfield>
  </datafield>
  <datafield tag="260" ind1=" " ind2=" ">
    <subfield code="c">1909, 1910</subfield>
  </datafield>
  <datafield tag="300" ind1=" " ind2=" ">
    <subfield code="a">28 sheets :</subfield>
    <subfield code="b">various media ;</subfield>
    <subfield code="c">78.9 x 89.9 cm. (31 1/8 x 35 3/8 in.) or smaller.</subfield>
  </datafield>
  <datafield tag="500" ind1=" " ind2=" ">
    <subfield code="a">Scale varies.</subfield>
  </datafield>
  <datafield tag="500" ind1=" " ind2=" ">
    <subfield code="a">Bracketed title elements supplied by cataloger or taken from inventory.</subfield>
  </datafield>
  <datafield tag="500" ind1=" " ind2=" ">
    <subfield code="a">Forms part of the Greene &amp; Greene collection of architectural drawings ; job no. 242.</subfield>
  </datafield>
  <datafield tag="500" ind1=" " ind2=" ">
    <subfield code="a">"The scale of this project and the Greenes' criteria for craftsmanship made it too costly and the clients turned to other architects for a more modest design" -- from Greene &amp; Greene, architecture as a fine art, by Randell Makinson, Salt Lake City, 1977. p. 189.</subfield>
  </datafield>
  <datafield tag="500" ind1=" " ind2=" ">
    <subfield code="a">This set consists of 10 blueprints on paper, 8 ink drawings on cloth, 2 blueprints with crayon markings on paper, 2 ink drawings on cloth with ink wash applied to the verso, 1 blueprint with crayon and pencil markings on paper, 1 pencil drawing on paper, 1 ink drawing on cloth with pencil markings and also with ink wash applied to the verso, 1 ink and ink wash drawing on cloth, 1 ink drawing with pencil markings on cloth, 1 ink and crayon drawing on graph paper, and 1 ink and pencil drawing on paper.</subfield>
  </datafield>
  <datafield tag="561" ind1=" " ind2=" ">
    <subfield code="a">Gift of Jean Murray Bangs (Mrs. Harwell Hamilton Harris), 1960; formerly the collection of Charles Sumner Greene.</subfield>
  </datafield>
  <datafield tag="650" ind1=" " ind2="7">
    <subfield code="a">Houses.</subfield>
    <subfield code="2">aat</subfield>
  </datafield>
  <datafield tag="655" ind1=" " ind2="7">
    <subfield code="a">Sketches.</subfield>
    <subfield code="2">aat</subfield>
  </datafield>
  <datafield tag="655" ind1=" " ind2="7">
    <subfield code="a">Unexecuted designs.</subfield>
    <subfield code="2">aat</subfield>
  </datafield>
  <datafield tag="655" ind1=" " ind2="7">
    <subfield code="a">Preliminary drawings.</subfield>
    <subfield code="2">aat</subfield>
  </datafield>
  <datafield tag="655" ind1=" " ind2="7">
    <subfield code="a">Topographical maps.</subfield>
    <subfield code="2">aat</subfield>
  </datafield>
  <datafield tag="655" ind1=" " ind2="7">
    <subfield code="a">Architectural drawings</subfield>
    <subfield code="x">American.</subfield>
    <subfield code="2">aat</subfield>
  </datafield>
  <datafield tag="655" ind1=" " ind2="7">
    <subfield code="a">Detail drawings.</subfield>
    <subfield code="2">aat</subfield>
  </datafield>
  <datafield tag="655" ind1=" " ind2="7">
    <subfield code="a">Orthographic drawings.</subfield>
    <subfield code="2">aat</subfield>
  </datafield>
  <datafield tag="691" ind1=" " ind2="0">
    <subfield code="a">Pasadena (Calif.)</subfield>
  </datafield>
  <datafield tag="650" ind1=" " ind2="0">
    <subfield code="a">Architecture</subfield>
    <subfield code="z">United States</subfield>
    <subfield code="v">Designs and plans.</subfield>
  </datafield>
  <datafield tag="697" ind1="2" ind2="4">
    <subfield code="a">John Lambert house (Pasadena, Calif.)</subfield>
  </datafield>
  <datafield tag="700" ind1="1" ind2=" ">
    <subfield code="a">Greene, Charles Sumner,</subfield>
    <subfield code="d">1868-1957.</subfield>
  </datafield>
  <datafield tag="700" ind1="1" ind2=" ">
    <subfield code="a">Greene, Henry Mather,</subfield>
    <subfield code="d">1870-1954.</subfield>
  </datafield>
  <datafield tag="700" ind1="1" ind2=" ">
    <subfield code="a">Lambert, John.</subfield>
  </datafield>
  <datafield tag="700" ind1="1" ind2=" ">
    <subfield code="a">Dart, E. R.</subfield>
  </datafield>
  <datafield tag="755" ind1=" " ind2=" ">
    <subfield code="a">Blueprints.</subfield>
    <subfield code="2">aat</subfield>
  </datafield>
  <datafield tag="755" ind1=" " ind2=" ">
    <subfield code="a">Ink drawings.</subfield>
    <subfield code="2">aat</subfield>
  </datafield>
  <datafield tag="755" ind1=" " ind2=" ">
    <subfield code="a">Crayon drawings.</subfield>
    <subfield code="2">aat</subfield>
  </datafield>
  <datafield tag="755" ind1=" " ind2=" ">
    <subfield code="a">Pencil drawings.</subfield>
    <subfield code="2">aat</subfield>
  </datafield>
  <datafield tag="755" ind1=" " ind2=" ">
    <subfield code="a">Ink wash drawings.</subfield>
    <subfield code="2">aat</subfield>
  </datafield>
  <datafield tag="799" ind1="4" ind2="3">
    <subfield code="a">The Greene &amp; Greene collection of architectural drawings.</subfield>
  </datafield>
  <datafield tag="789" ind1="0" ind2=" ">
    <subfield code="1">[1]</subfield>
    <subfield code="i">NYDA.1960.001.02334.</subfield>
    <subfield code="v">[AVERYimage].</subfield>
    <subfield code="t">Foundation plan :</subfield>
    <subfield code="n">Sheet no. 10,</subfield>
    <subfield code="d">March 11th, '10.</subfield>
    <subfield code="o">"Note[s] -- all main outside walls of foundation 16 1/2" thick, all other walls 12 1/2" unless otherwise marked. All footings except where otherwise marked to be 12" thick, chimney footings to be 24" thick, area wall footings 6" thick. All doors in basement unless otherwise marked to be 6-̀8" high. All soil pipes in basement to run under floor unless otherwise marked".</subfield>
  </datafield>
  <datafield tag="789" ind1="0" ind2=" ">
    <subfield code="1">[2]</subfield>
    <subfield code="i">NYDA.1960.001.02335.</subfield>
    <subfield code="v">[AVERYimage].</subfield>
    <subfield code="t">Foundation plan :</subfield>
    <subfield code="n">Sheet no. 1,</subfield>
    <subfield code="d">March 11th, '10.</subfield>
    <subfield code="o">Encapsulated in mylar.</subfield>
  </datafield>
  <datafield tag="789" ind1="0" ind2=" ">
    <subfield code="1">[3]</subfield>
    <subfield code="i">NYDA.1960.001.02336.</subfield>
    <subfield code="v">[AVERYimage].</subfield>
    <subfield code="t">First floor plan :</subfield>
    <subfield code="n">Sheet no. 2,</subfield>
    <subfield code="d">March 11th, 1910.</subfield>
    <subfield code="o">"Note -- all doors on first floor unless otherwise marked to be 6'-8" high".</subfield>
    <subfield code="o">"Note -- all main outside walls first floor unless otherwise marked or detailed to be 12 1/2" thick".</subfield>
    <subfield code="o">"Note -- drive, walks, garden walls, piers, etc. not included".</subfield>
  </datafield>
  <datafield tag="789" ind1="0" ind2=" ">
    <subfield code="1">[4]</subfield>
    <subfield code="i">NYDA.1960.001.02337R.</subfield>
    <subfield code="v">[AVERYimage].</subfield>
    <subfield code="t">First floor plan :</subfield>
    <subfield code="n">Sheet no. 2,</subfield>
    <subfield code="d">March 11th, 1910.</subfield>
    <subfield code="o">Encapsulated in mylar.</subfield>
  </datafield>
  <datafield tag="789" ind1="0" ind2=" ">
    <subfield code="1">[5]</subfield>
    <subfield code="i">NYDA.1960.001.02337V.</subfield>
    <subfield code="v">[AVERYimage].</subfield>
    <subfield code="t">[Unidentified rough sketch]</subfield>
  </datafield>
  <datafield tag="789" ind1="0" ind2=" ">
    <subfield code="1">[6]</subfield>
    <subfield code="i">NYDA.1960.001.02338.</subfield>
    <subfield code="v">[AVERYimage].</subfield>
    <subfield code="t">Second floor plan :</subfield>
    <subfield code="n">Sheet no. 3,</subfield>
    <subfield code="d">March 11th, '10.</subfield>
    <subfield code="o">"Note -- all doors on this floor to be 6'-6" high unless otherwise figured".</subfield>
  </datafield>
  <datafield tag="789" ind1="0" ind2=" ">
    <subfield code="1">[7]</subfield>
    <subfield code="i">NYDA.1960.001.02339.</subfield>
    <subfield code="v">[AVERYimage].</subfield>
    <subfield code="t">Second floor plan :</subfield>
    <subfield code="n">Sheet no. 3,</subfield>
    <subfield code="d">March 11th, '10.</subfield>
    <subfield code="o">Encapsulated in mylar.</subfield>
  </datafield>
  <datafield tag="789" ind1="0" ind2=" ">
    <subfield code="1">[8]</subfield>
    <subfield code="i">NYDA.1960.001.02340.</subfield>
    <subfield code="v">[AVERYimage].</subfield>
    <subfield code="t">Attic and roof plan :</subfield>
    <subfield code="n">Sheet no. 4,</subfield>
    <subfield code="d">March 11th, '10.</subfield>
  </datafield>
  <datafield tag="789" ind1="0" ind2=" ">
    <subfield code="1">[9]</subfield>
    <subfield code="i">NYDA.1960.001.02341.</subfield>
    <subfield code="v">[AVERYimage].</subfield>
    <subfield code="t">Attic and roof plan :</subfield>
    <subfield code="n">Sheet no. 4,</subfield>
    <subfield code="d">March 11th, '10.</subfield>
    <subfield code="o">Encapsulated in mylar.</subfield>
  </datafield>
  <datafield tag="789" ind1="0" ind2=" ">
    <subfield code="1">[10]</subfield>
    <subfield code="i">NYDA.1960.001.02342.</subfield>
    <subfield code="v">[AVERYimage].</subfield>
    <subfield code="t">Front (or west) elevation :</subfield>
    <subfield code="n">Sheet no. 5,</subfield>
    <subfield code="d">Mar. 11th, 1910.</subfield>
  </datafield>
  <datafield tag="789" ind1="0" ind2=" ">
    <subfield code="1">[11]</subfield>
    <subfield code="i">NYDA.1960.001.02343.</subfield>
    <subfield code="v">[AVERYimage].</subfield>
    <subfield code="t">Front (or west) elevation :</subfield>
    <subfield code="n">Sheet no. 5,</subfield>
    <subfield code="d">Mar. 11th, 1910.</subfield>
    <subfield code="o">Encapsulated in mylar.</subfield>
  </datafield>
  <datafield tag="789" ind1="0" ind2=" ">
    <subfield code="1">[12]</subfield>
    <subfield code="i">NYDA.1960.001.02344.</subfield>
    <subfield code="v">[AVERYimage].</subfield>
    <subfield code="t">North elevation :</subfield>
    <subfield code="n">Sheet no. 6,</subfield>
    <subfield code="d">March 11th, 1̀0.</subfield>
  </datafield>
  <datafield tag="789" ind1="0" ind2=" ">
    <subfield code="1">[13]</subfield>
    <subfield code="i">NYDA.1960.001.02345.</subfield>
    <subfield code="v">[AVERYimage].</subfield>
    <subfield code="t">North elevation :</subfield>
    <subfield code="n">Sheet no. 6,</subfield>
    <subfield code="d">March 11th, 1̀0.</subfield>
    <subfield code="o">Encapsulated in mylar.</subfield>
  </datafield>
  <datafield tag="789" ind1="0" ind2=" ">
    <subfield code="1">[14]</subfield>
    <subfield code="i">NYDA.1960.001.02346.</subfield>
    <subfield code="v">[AVERYimage].</subfield>
    <subfield code="t">East elevation :</subfield>
    <subfield code="n">Sheet no. 7,</subfield>
    <subfield code="d">March 11th, 1̀0.</subfield>
  </datafield>
  <datafield tag="789" ind1="0" ind2=" ">
    <subfield code="1">[15]</subfield>
    <subfield code="i">NYDA.1960.001.02347.</subfield>
    <subfield code="v">[AVERYimage].</subfield>
    <subfield code="t">East elevation :</subfield>
    <subfield code="n">Sheet no. 7,</subfield>
    <subfield code="d">March 11th, 1̀0.</subfield>
    <subfield code="o">Encapsulated in mylar.</subfield>
  </datafield>
  <datafield tag="789" ind1="0" ind2=" ">
    <subfield code="1">[16]</subfield>
    <subfield code="i">NYDA.1960.001.02348.</subfield>
    <subfield code="v">[AVERYimage].</subfield>
    <subfield code="t">South elevation :</subfield>
    <subfield code="n">Sheet no. 8,</subfield>
    <subfield code="d">March 11th, 1̀0.</subfield>
  </datafield>
  <datafield tag="789" ind1="0" ind2=" ">
    <subfield code="1">[17]</subfield>
    <subfield code="i">NYDA.1960.001.02349.</subfield>
    <subfield code="v">[AVERYimage].</subfield>
    <subfield code="t">South elevation :</subfield>
    <subfield code="n">Sheet no. 8,</subfield>
    <subfield code="d">March 11th, '10.</subfield>
    <subfield code="o">Encapsulated in mylar.</subfield>
  </datafield>
  <datafield tag="789" ind1="0" ind2=" ">
    <subfield code="1">[18]</subfield>
    <subfield code="i">NYDA.1960.001.02350.</subfield>
    <subfield code="v">[AVERYimage].</subfield>
    <subfield code="t">Details -- section thru verge board ; cellar door frame details -- frames for 12 1/2" walls, frames for 8 1/2" walls ; steel beam over front door, steel beam over vestibule piers ; lintel construction for wide openings (first floor) ; foundation wall vents ; cellar windows ; typical wall section ; casements in gable end ; vents "A" (see elevations) ; interior trim :</subfield>
    <subfield code="n">Sheet no. 9,</subfield>
    <subfield code="d">March 11th, 1̀0.</subfield>
  </datafield>
  <datafield tag="789" ind1="0" ind2=" ">
    <subfield code="1">[19]</subfield>
    <subfield code="i">NYDA.1960.001.02351.</subfield>
    <subfield code="v">[AVERYimage].</subfield>
    <subfield code="t">Details -- section thru verge board ; cellar door frame details -- frames for 12 1/2" walls, frames for 8 1/2" walls ; steel beam over front door, steel beam over vestibule piers ; lintel construction for wide openings (first floor) ; foundation wall vents ; cellar windows ; typical wall section ; casements in gable end ; vents "A" (see elevations) ; interior trim :</subfield>
    <subfield code="n">Sheet no. 9,</subfield>
    <subfield code="d">March 11th, '10.</subfield>
    <subfield code="o">Encapsulated in mylar.</subfield>
  </datafield>
  <datafield tag="789" ind1="0" ind2=" ">
    <subfield code="1">[20]</subfield>
    <subfield code="i">NYDA.1960.001.02352.</subfield>
    <subfield code="v">[AVERYimage].</subfield>
    <subfield code="t">Details -- detail of roof sweep, south wall of dressing rm., south wall of sleeping porch (8 1/2" portion), south wall of sleeping porch (12 1/2" portion), east wall of sleeping porch (8 1/2" portion), west wall of living rm., living rm. south beam looking east, east wall of living room, east center gable end (no. and so. doors), hall to living rm. door head, west wall of bathroom no. 1, north wall [and] south wall [of] bathrm. no. 1, east gable end (south), gable and details :</subfield>
    <subfield code="n">Sheet no. 10,</subfield>
    <subfield code="d">March 11th, '10.</subfield>
  </datafield>
  <datafield tag="789" ind1="0" ind2=" ">
    <subfield code="1">[21]</subfield>
    <subfield code="i">NYDA.1960.001.02353.</subfield>
    <subfield code="v">[AVERYimage].</subfield>
    <subfield code="t">Details -- detail of roof sweep, south wall of dressing rm., south wall of sleeping porch (8 1/2" portion), south wall of sleeping porch (12 1/2" portion), east wall of sleeping porch (8 1/2" portion), west wall of living rm., living rm. south beam looking east, east wall of living room, east center gable end (no. and so. doors), hall to living rm. door head, west wall of bathroom no. 1, north wall [and] south wall [of] bathrm. no. 1, east gable end (south), gable end details :</subfield>
    <subfield code="n">Sheet no. 10,</subfield>
    <subfield code="d">March 11th, 1̀0.</subfield>
    <subfield code="o">Encapsulated in mylar.</subfield>
  </datafield>
  <datafield tag="789" ind1="0" ind2=" ">
    <subfield code="1">[22]</subfield>
    <subfield code="i">NYDA.1960.001.02354.</subfield>
    <subfield code="v">[AVERYimage].</subfield>
    <subfield code="t">3/4 inch scale detail[s] of butler's pantry work and kitchen sink -- pantry -- [plan], section "X-X", south elevation, east elev., west elevation, north elevation ; kitchen sink -- elevation, plan, end elev. :</subfield>
    <subfield code="n">Sheet no. 11,</subfield>
    <subfield code="d">March 11th, 1̀0.</subfield>
  </datafield>
  <datafield tag="789" ind1="0" ind2=" ">
    <subfield code="1">[23]</subfield>
    <subfield code="i">NYDA.1960.001.02355.</subfield>
    <subfield code="v">[AVERYimage].</subfield>
    <subfield code="t">3/4 inch scale detail[s] of butler's pantry work and kitchen sink -- pantry -- [plan], section "X-X", south elevation, east elev., west elevation, north elevation ; kitchen sink -- elevation, plan, end elev. :</subfield>
    <subfield code="n">Sheet no. 11,</subfield>
    <subfield code="d">March 11th, '10.</subfield>
    <subfield code="o">Encapsulated in mylar.</subfield>
  </datafield>
  <datafield tag="789" ind1="0" ind2=" ">
    <subfield code="1">[24]</subfield>
    <subfield code="i">NYDA.1960.001.02356.</subfield>
    <subfield code="v">[AVERYimage].</subfield>
    <subfield code="t">Interior details -- typical medicine case -- elevation, horizontal section, vertical section ; den bookcase -- section, half elevation ; view[s] looking west -- sitting room, dining room, hall, den, bedrm. #5 mantel ; den (north side) ; view[s] looking north -- bedroom no. 2, bedroom no. 1, hall, living room ; seats for living room (two of these) -- front, side, back :</subfield>
    <subfield code="n">Sheet no. 12,</subfield>
    <subfield code="d">March 11th, 1̀0.</subfield>
  </datafield>
  <datafield tag="789" ind1="0" ind2=" ">
    <subfield code="1">[25]</subfield>
    <subfield code="i">NYDA.1960.001.02357.</subfield>
    <subfield code="v">[AVERYimage].</subfield>
    <subfield code="t">Interior details -- typical medicine case -- elevation, horizontal section, vertical section ; den bookcase -- section, half elevation ; view[s] looking west -- sitting room, dining room, hall, den, bedrm. #5 mantel ; den (north side) ; view[s] looking north -- bedroom no. 2, bedroom no. 1, hall, living room ; seats for living room (two of these) -- front, side, back :</subfield>
    <subfield code="n">Sheet no. 12,</subfield>
    <subfield code="d">March 11th, '10.</subfield>
    <subfield code="o">Encapsulated in mylar.</subfield>
  </datafield>
  <datafield tag="789" ind1="0" ind2=" ">
    <subfield code="1">[26]</subfield>
    <subfield code="i">NYDA.1960.001.02358.</subfield>
    <subfield code="v">[AVERYimage].</subfield>
    <subfield code="t">3/4" scale detail[s] of living room bay -- half plan, half east elevation, section "A-A", south elevation, section, [unidentified elevation] :</subfield>
    <subfield code="n">Sheet no. 13,</subfield>
    <subfield code="d">March 11th, 1̀0.</subfield>
  </datafield>
  <datafield tag="789" ind1="0" ind2=" ">
    <subfield code="1">[27]</subfield>
    <subfield code="i">NYDA.1960.001.02359.</subfield>
    <subfield code="v">[AVERYimage].</subfield>
    <subfield code="t">3/4" scale detail[s] of living room bay -- half plan, half east elevation, section "A-A", south elevation, section, [unidentified elevation] :</subfield>
    <subfield code="n">Sheet no. 13,</subfield>
    <subfield code="d">March 11th, '10.</subfield>
    <subfield code="o">Encapsulated in mylar.</subfield>
  </datafield>
  <datafield tag="789" ind1="0" ind2=" ">
    <subfield code="1">[28]</subfield>
    <subfield code="i">NYDA.1960.001.02360.</subfield>
    <subfield code="v">[AVERYimage].</subfield>
    <subfield code="t">Topographical map of a portion of lot "A", division A of the James Smith tract /</subfield>
    <subfield code="c">surveyed by E.R. Dart, C.E.,</subfield>
    <subfield code="d">September, 1909.</subfield>
  </datafield>
  <datafield tag="789" ind1="0" ind2=" ">
    <subfield code="1">[29]</subfield>
    <subfield code="i">NYDA.1960.001.02361.</subfield>
    <subfield code="v">[AVERYimage].</subfield>
    <subfield code="t">[Plan of house and grounds].</subfield>
    <subfield code="o">Encapsulated in mylar.</subfield>
  </datafield>
  <datafield tag="900" ind1=" " ind2=" ">
    <subfield code="a">AUTH</subfield>
  </datafield>
</record>

</collection>